@inproceedings{finkbeinerCounterfactualsModuloTemporal2023,
	series = {{EPiC} series in computing},
	title = {Counterfactuals modulo temporal logics},
	volume = {94},
	url = {https://easychair.org/publications/paper/sWZw},
	doi = {10.29007/qtw7},
	booktitle = {Proceedings of 24th international conference on logic for programming, artificial intelligence and reasoning},
	publisher = {EasyChair},
	author = {Finkbeiner, Bernd and Siber, Julian},
	editor = {Piskac, Ruzica and Voronkov, Andrei},
	year = {2023},
	note = {ISSN: 2398-7340},
	pages = {181--204},
}

@book{lewisCounterfactuals1973,
	address = {Oxford},
	title = {Counterfactuals},
	isbn = {0-631-14380-7},
	language = {eng},
	publisher = {Blackwell},
	author = {Lewis, David K.},
	year = {1973},
	keywords = {Irrealer Konditionalsatz},
}

@Article{LTLAFP,
  author  = {Salomon Sickert},
  journal = {Archive of Formal Proofs},
  title   = {Linear Temporal Logic},
  year    = {2016},
  issn    = {2150-914x},
  month   = {March},
  note    = {\url{https://isa-afp.org/entries/LTL.html}, Formal proof development},
}
